<record xmlns="http://www.openarchives.org/OAI/2.0/" xmlns:xsi="http://www.w3.org/2001/XMLSchema-instance"><header><identifier>oai:alma.34CSIC_INST:990012228130204201</identifier><datestamp>2020-02-06T08:41:03Z</datestamp><setSpec>manuscripta</setSpec></header><metadata><record xmlns="http://www.loc.gov/MARC21/slim" xmlns:xsi="http://www.w3.org/2001/XMLSchema-instance" xsi:schemaLocation="http://www.loc.gov/MARC21/slim http://www.loc.gov/standards/marcxml/schema/MARC21slim.xsd"><leader>01867ntm a2200397 i 4500</leader><controlfield tag="005">20181031100336.0</controlfield><controlfield tag="008">100218q17uu    xx            000 0 heb d</controlfield><controlfield tag="001">990012228130204201</controlfield><datafield tag="035" ind1=" " ind2=" "><subfield code="a">CSIC001222813</subfield></datafield><datafield tag="035" ind1=" " ind2=" "><subfield code="a">(ES-MaCSI)001222813MAD01-Aleph</subfield></datafield><datafield tag="035" ind1=" " ind2=" "><subfield code="a">(OCoLC)1123929884
</subfield></datafield><datafield tag="040" ind1=" " ind2=" "><subfield code="a">ES-MaCSI</subfield><subfield code="b">spa</subfield></datafield><datafield tag="080" ind1=" " ind2=" "><subfield code="a">091(=411.16)</subfield></datafield><datafield tag="080" ind1=" " ind2=" "><subfield code="a">2 Biblia</subfield></datafield><datafield tag="130" ind1="0" ind2=" "><subfield code="a">Biblia</subfield><subfield code="p">A.T.</subfield><subfield code="p">Ester</subfield></datafield><datafield tag="245" ind1="1" ind2="0"><subfield code="a">[Rollo de Esther]</subfield><subfield code="h">[Manuscrito]</subfield></datafield><datafield tag="260" ind1=" " ind2=" "><subfield code="a">[S.l.]:,</subfield><subfield code="c">[17--].</subfield></datafield><datafield tag="300" ind1=" " ind2=" "><subfield code="a">1 rollo en 4 fragmentos (21 col., 16 lín.) ;</subfield><subfield code="c">265 x 9 cm.</subfield></datafield><datafield tag="490" ind1="0" ind2=" "><subfield code="a">Manuscripta</subfield></datafield><datafield tag="500" ind1=" " ind2=" "><subfield code="a">Pergamino</subfield></datafield><datafield tag="500" ind1=" " ind2=" "><subfield code="a">Lugar de escritura: Desconocido</subfield></datafield><datafield tag="500" ind1=" " ind2=" "><subfield code="a">Copista: Desconocido</subfield></datafield><datafield tag="500" ind1=" " ind2=" "><subfield code="a">Características especiales: Disposición especial del texto en Esther 9,6 a 9,10 según la costumbre de los rollos sinagogales. Se respetan los espacios y líneas en blanco habituales en las secciones correspondientes.</subfield></datafield><datafield tag="500" ind1=" " ind2=" "><subfield code="a">4 fragmentos de pergamino cosidos</subfield></datafield><datafield tag="500" ind1=" " ind2=" "><subfield code="a">Buen estado de conservación</subfield></datafield><datafield tag="500" ind1=" " ind2=" "><subfield code="a">Rayaduras visibles para marcar las líneas de escritura, a punta seca</subfield></datafield><datafield tag="500" ind1=" " ind2=" "><subfield code="a">Signatura antigua: CVI-M/103</subfield></datafield><datafield tag="505" ind1="8" ind2="0"><subfield code="a">Libro de Esther, sin bendición final</subfield></datafield><datafield tag="563" ind1=" " ind2=" "><subfield code="a">Soporte de madera a un solo extremo. Extremo inicial del rollo con forma puntiaguda</subfield></datafield><datafield tag="541" ind1=" " ind2=" "><subfield code="a">Procedencia: Desconocida</subfield></datafield><datafield tag="546" ind1=" " ind2=" "><subfield code="a">Hebreo</subfield><subfield code="b">Escritura hebrea italiana cuadrada</subfield></datafield><datafield tag="630" ind1="0" ind2="7"><subfield code="a">Biblia</subfield><subfield code="p">A.T.</subfield><subfield code="p">Ester</subfield><subfield code="2">CSICAU</subfield></datafield><datafield tag="650" ind1=" " ind2="7"><subfield code="a">Manuscritos hebreos.</subfield><subfield code="2">CSICAU</subfield></datafield><datafield tag="830" ind1=" " ind2="0"><subfield code="a">Manuscripta</subfield></datafield><datafield tag="856" ind1="4" ind2="1"><subfield code="u">http://aleph.csic.es/imagenes/mad01/0006_PMSC/P_001222813_642784_V00.pdf</subfield><subfield code="z">Descargar Pdf completo (3.2M)</subfield><subfield code="m">CSIC</subfield></datafield><datafield tag="856" ind1="4" ind2="1"><subfield code="u">http://simurg.bibliotecas.csic.es/viewer/image/CSIC001222813/1/</subfield><subfield code="z">Ver texto completo en SIMURG, el portal de fondos digitalizados del CSIC</subfield><subfield code="m">CSIC</subfield></datafield><datafield tag="856" ind1="4" ind2="1"><subfield code="u">http://aleph.csic.es/imagenes/mad01/0006_PMSC/html/001222813.html</subfield><subfield code="z">Ver texto completo en Bookreader</subfield></datafield></record></metadata></record>